<record><leader>00000cas a22000007a 4500</leader><controlfield tag="001">10848141</controlfield><controlfield tag="008">840615d18761908nyuwr ne      0    0eng d</controlfield><datafield ind1=" " ind2=" " tag="010"><subfield code="a">sn 84031320 </subfield></datafield><datafield ind1=" " ind2=" " tag="040"><subfield code="a">NYG</subfield><subfield code="b">eng</subfield><subfield code="c">NYG</subfield><subfield code="d">NYS</subfield><subfield code="d">OCLCQ</subfield><subfield code="d">OCLCF</subfield><subfield code="d">OCLCO</subfield></datafield><datafield ind1=" " ind2=" " tag="042"><subfield code="a">msc</subfield></datafield><datafield ind1=" " ind2=" " tag="043"><subfield code="a">n-us-ny</subfield></datafield><datafield ind1="0" ind2="0" tag="245"><subfield code="a">Watkins Democrat.</subfield></datafield><datafield ind1=" " ind2=" " tag="260"><subfield code="a">Watkins, N.Y. :</subfield><subfield code="b">W.H. Baldwin</subfield></datafield><datafield ind1=" " ind2=" " tag="300"><subfield code="a">v. :</subfield><subfield code="b">ill. (chiefly advertiseme ;</subfield><subfield code="c">1876-1907.</subfield></datafield><datafield ind1=" " ind2=" " tag="310"><subfield code="a">Weekly</subfield></datafield><datafield ind1="0" ind2=" " tag="362"><subfield code="a">Vol. 11, no. 45 (Jan. 19, 1876)-v. 46, no. 31 (Dec. 19, 1907) = whole no. 617-</subfield></datafield><datafield ind1=" " ind2=" " tag="500"><subfield code="a">Watkins, N.Y. later became known as Watkins Glen, N.Y.</subfield></datafield><datafield ind1=" " ind2=" " tag="500"><subfield code="a">Published on Wednesday.</subfield></datafield><datafield ind1=" " ind2=" " tag="500"><subfield code="a">Motto: "The Constitution and Union."</subfield></datafield><datafield ind1=" " ind2=" " tag="500"><subfield code="a">"A Square deal for everyone," &lt;1906&gt;.</subfield></datafield><datafield ind1=" " ind2=" " tag="500"><subfield code="a">Publishers: William H. Baldwin, &lt;1876-1894&gt;; Watkins Print. Co., &lt;1904-1907&gt;.</subfield></datafield><datafield ind1=" " ind2=" " tag="530"><subfield code="a">Available on microfilm from Micro Photo Division, Bell and Howell Co.</subfield></datafield><datafield ind1=" " ind2="0" tag="651"><subfield code="a">Watkins Glen (N.Y.)</subfield><subfield code="v">Newspapers.</subfield></datafield><datafield ind1=" " ind2="0" tag="651"><subfield code="a">Schuyler County (N.Y.)</subfield><subfield code="v">Newspapers.</subfield></datafield><datafield ind1=" " ind2="7" tag="655"><subfield code="a">Newspapers.</subfield><subfield code="2">fast</subfield><subfield code="0">(OCoLC)fst01423814</subfield></datafield><datafield ind1=" " ind2="7" tag="651"><subfield code="a">New York (State)</subfield><subfield code="z">Schuyler County.</subfield><subfield code="2">fast</subfield><subfield code="0">(OCoLC)fst01208406</subfield></datafield><datafield ind1=" " ind2="7" tag="651"><subfield code="a">New York (State)</subfield><subfield code="z">Watkins Glen.</subfield><subfield code="2">fast</subfield><subfield code="0">(OCoLC)fst01220235</subfield></datafield><datafield ind1=" " ind2=" " tag="752"><subfield code="a">United States</subfield><subfield code="b">New York</subfield><subfield code="c">Schuyler</subfield><subfield code="d">Watkins Glen.</subfield></datafield><datafield ind1="0" ind2="0" tag="780"><subfield code="t">Schuyler County Democrat</subfield><subfield code="w">(DLC)sn 90066513</subfield><subfield code="w">(OCoLC)22300447</subfield></datafield><datafield ind1="0" ind2="0" tag="785"><subfield code="t">Schuyler County chronicle and Watkins Democrat</subfield><subfield code="w">(DLC)sn 91066358</subfield><subfield code="w">(OCoLC)24153942</subfield></datafield></record>